<record><leader>00000cas a2200000   4500</leader><controlfield tag="001">5190784</controlfield><controlfield tag="008">790720c1uuu9999iluwr ne      0   a0eng d</controlfield><controlfield tag="009">467</controlfield><datafield ind1=" " ind2=" " tag="010"><subfield code="a">sn 79003818 </subfield></datafield><datafield ind1=" " ind2=" " tag="040"><subfield code="a">NSD</subfield><subfield code="b">eng</subfield><subfield code="c">NSD</subfield><subfield code="d">OCL</subfield><subfield code="d">OCLCQ</subfield></datafield><datafield ind1=" " ind2=" " tag="012"><subfield code="j">0</subfield><subfield code="k">1</subfield><subfield code="m">c</subfield></datafield><datafield ind1=" " ind2=" " tag="019"><subfield code="a">5005030</subfield></datafield><datafield ind1="1" ind2=" " tag="022"><subfield code="a">0191-555X</subfield><subfield code="l">0191-555X</subfield><subfield code="2">1</subfield></datafield><datafield ind1="1" ind2=" " tag="029"><subfield code="a">AU@</subfield><subfield code="b">000025804484</subfield></datafield><datafield ind1=" " ind2=" " tag="032"><subfield code="a">362630</subfield><subfield code="b">USPS</subfield></datafield><datafield ind1=" " ind2=" " tag="042"><subfield code="a">nsdp</subfield></datafield><datafield ind1=" " ind2="0" tag="222"><subfield code="a">Illinois valley weekly</subfield></datafield><datafield ind1="0" ind2="0" tag="245"><subfield code="a">Illinois valley weekly.</subfield></datafield><datafield ind1=" " ind2=" " tag="260"><subfield code="a">La Salle, Ill.,</subfield><subfield code="b">News-Tribune</subfield></datafield><datafield ind1=" " ind2=" " tag="936"><subfield code="a">Apr. 11, 1979</subfield></datafield></record>